<?xml version="1.0"?>
<marc:records xmlns:marc="http://www.loc.gov/MARC21/slim" xmlns:xsi="http://www.w3.org/2001/XMLSchema-instance" xsi:schemaLocation="http://www.loc.gov/MARC21/slim http://www.loc.gov/standards/marcxml/schema/MARC21slim.xsd">
  <marc:record>
    <marc:leader>01293cam a2200337 a 4500</marc:leader>
    <marc:controlfield tag="001">991933813503681</marc:controlfield>
    <marc:controlfield tag="005">20170525164230.0</marc:controlfield>
    <marc:controlfield tag="008">850925s1761    enk           00000 eng d</marc:controlfield>
    <marc:datafield ind1=" " ind2=" " tag="035">
  <marc:subfield code="a">(OCoLC)ocm16112905</marc:subfield>
</marc:datafield>
    <marc:datafield ind1=" " ind2=" " tag="035">
  <marc:subfield code="a">(OCoLC)16112905</marc:subfield>
</marc:datafield>
    <marc:datafield ind1=" " ind2=" " tag="035">
  <marc:subfield code="a">(CStRLIN)PAUG85-B34342</marc:subfield>
</marc:datafield>
    <marc:datafield ind1=" " ind2=" " tag="035">
  <marc:subfield code="a">(CaOTULAS)121273516</marc:subfield>
</marc:datafield>
    <marc:datafield ind1=" " ind2=" " tag="035">
  <marc:subfield code="9">ABB7721</marc:subfield>
</marc:datafield>
    <marc:datafield ind1=" " ind2=" " tag="035">
  <marc:subfield code="a">193381</marc:subfield>
</marc:datafield>
    <marc:datafield ind1=" " ind2=" " tag="035">
  <marc:subfield code="a">(PU)193381-penndb-Voyager</marc:subfield>
</marc:datafield>
    <marc:datafield ind1=" " ind2=" " tag="040">
  <marc:subfield code="a">PU</marc:subfield>
  <marc:subfield code="c">PU</marc:subfield>
</marc:datafield>
    <marc:datafield ind1=" " ind2=" " tag="090">
  <marc:subfield code="a">PR3291.A1</marc:subfield>
  <marc:subfield code="b">M47 1761</marc:subfield>
  <marc:subfield code="i">09/25/85 CT</marc:subfield>
</marc:datafield>
    <marc:datafield ind1="0" ind2="0" tag="245">
  <marc:subfield code="a">Memoirs of Mr. Charles Guildford :</marc:subfield>
  <marc:subfield code="b">in a regular series of letters, wrote by himself to a friend : the whole founded on real facts : in two volumes.</marc:subfield>
</marc:datafield>
    <marc:datafield ind1=" " ind2=" " tag="260">
  <marc:subfield code="a">London :</marc:subfield>
  <marc:subfield code="b">Printed for R. Withy ...,</marc:subfield>
  <marc:subfield code="c">1761.</marc:subfield>
</marc:datafield>
    <marc:datafield ind1=" " ind2=" " tag="300">
  <marc:subfield code="a">2 v. ;</marc:subfield>
  <marc:subfield code="c">17 cm. (12mo)</marc:subfield>
</marc:datafield>
    <marc:datafield ind1=" " ind2=" " tag="500">
  <marc:subfield code="a">Novel.</marc:subfield>
</marc:datafield>
    <marc:datafield ind1="4" ind2=" " tag="510">
  <marc:subfield code="a">ESTC (RLIN)</marc:subfield>
  <marc:subfield code="c">T108369</marc:subfield>
</marc:datafield>
    <marc:datafield ind1="4" ind2=" " tag="510">
  <marc:subfield code="a">Raven, J.  British fiction, 1750-1770,</marc:subfield>
  <marc:subfield code="c">637</marc:subfield>
</marc:datafield>
    <marc:datafield ind1=" " ind2=" " tag="561">
  <marc:subfield code="a">Mendenhall, John C. (donor)</marc:subfield>
</marc:datafield>
    <marc:datafield ind1=" " ind2=" " tag="651">
  <marc:subfield code="y">1761</marc:subfield>
</marc:datafield>
    <marc:datafield ind1=" " ind2="7" tag="655">
  <marc:subfield code="a">Epistolary fiction</marc:subfield>
  <marc:subfield code="z">England</marc:subfield>
  <marc:subfield code="y">18th century</marc:subfield>
  <marc:subfield code="2">rbgenr</marc:subfield>
</marc:datafield>
    <marc:datafield ind1="2" ind2=" " tag="710">
  <marc:subfield code="a">Collection of British and American Fiction, 1660-1830 (University of Pennsylvania)</marc:subfield>
  <marc:subfield code="5">PU</marc:subfield>
</marc:datafield>
    <marc:datafield ind1=" " ind2=" " tag="752">
  <marc:subfield code="a">England</marc:subfield>
  <marc:subfield code="d">London.</marc:subfield>
</marc:datafield>
    <marc:datafield ind1="0" ind2="0" tag="773">
  <marc:subfield code="t">Collection of British and American Fiction, 1660-1830 (University of Pennsylvania)</marc:subfield>
</marc:datafield>
    <marc:datafield ind1="4" ind2="1" tag="856">
  <marc:subfield code="z">Facsimile</marc:subfield>
  <marc:subfield code="u">http://hdl.library.upenn.edu/1017/d/print/193381</marc:subfield>
</marc:datafield>
    <marc:datafield ind1=" " ind2=" " tag="950">
  <marc:subfield code="l">RBC</marc:subfield>
  <marc:subfield code="e">\\Singer-\Menden-\hall\</marc:subfield>
  <marc:subfield code="v">2 v.</marc:subfield>
  <marc:subfield code="i">09/25/85 C</marc:subfield>
</marc:datafield>
    <marc:datafield ind1=" " ind2=" " tag="955">
  <marc:subfield code="l">RBC</marc:subfield>
  <marc:subfield code="c">1:(v.1-2)</marc:subfield>
  <marc:subfield code="q">50-1034</marc:subfield>
  <marc:subfield code="s">g. Dr. John C. Mendenhall</marc:subfield>
  <marc:subfield code="i">09/25/85 C</marc:subfield>
</marc:datafield>
    <marc:datafield ind1=" " ind2=" " tag="999">
  <marc:subfield code="a">DLA</marc:subfield>
  <marc:subfield code="b">20170525</marc:subfield>
</marc:datafield>
    <marc:datafield ind1=" " ind2=" " tag="999">
  <marc:subfield code="z">CHR 1761</marc:subfield>
  <marc:subfield code="z">PRO Mendenhall, John C. (donor)</marc:subfield>
</marc:datafield>
    <marc:holdings>
      <marc:holding>
        <marc:holding_id>22287983270003681</marc:holding_id>
        <marc:call_number>PR3291.A1 M47 1761</marc:call_number>
        <marc:library>KislakCntr</marc:library>
        <marc:location>scsing</marc:location>
      </marc:holding>
    </marc:holdings>
  </marc:record>
</marc:records>
